<?xml version="1.0" encoding="UTF-8"?>
<collection xmlns:xsi="http://www.w3.org/2001/XMLSchema-instance" xsi:schemaLocation="http://www.loc.gov/MARC21/slim http://www.loc.gov/standards/marcxml/schema/MARC21slim.xsd" xmlns="http://www.loc.gov/MARC21/slim">
<record>
  <leader>00562cam a2200229M  4500</leader>
  <controlfield tag="001">3072276</controlfield>
  <controlfield tag="003">NNC</controlfield>
  <controlfield tag="005">20141222133645.0</controlfield>
  <controlfield tag="008">890301s1936    ua            000 0 ara d</controlfield>
  <datafield tag="035" ind1=" " ind2=" ">
    <subfield code="a">(OCoLC)ocm23511676</subfield>
  </datafield>
  <datafield tag="035" ind1=" " ind2=" ">
    <subfield code="9">ATP5318CU</subfield>
  </datafield>
  <datafield tag="035" ind1=" " ind2=" ">
    <subfield code="a">(NNC)3072276</subfield>
  </datafield>
  <datafield tag="035" ind1=" " ind2=" ">
    <subfield code="a">3072276</subfield>
  </datafield>
  <datafield tag="040" ind1=" " ind2=" ">
    <subfield code="a">EYM</subfield>
    <subfield code="c">EYM</subfield>
    <subfield code="d">ZCU</subfield>
  </datafield>
  <datafield tag="050" ind1=" " ind2="4">
    <subfield code="a">PJ 7750</subfield>
    <subfield code="b">.R14 D62</subfield>
  </datafield>
  <datafield tag="099" ind1=" " ind2=" ">
    <subfield code="a">893.7R122</subfield>
    <subfield code="a">L</subfield>
  </datafield>
  <datafield tag="100" ind1="1" ind2=" ">
    <subfield code="a">Raffāʼ, al-Sarī ibn Aḥmad,</subfield>
    <subfield code="d">-976.</subfield>
  </datafield>
  <datafield tag="240" ind1="1" ind2="0">
    <subfield code="a">Poems</subfield>
  </datafield>
  <datafield tag="245" ind1="1" ind2="0">
    <subfield code="a">Dīwān al-Sarī al-Raffāʾ.</subfield>
  </datafield>
  <datafield tag="260" ind1=" " ind2=" ">
    <subfield code="a">Miṣr,</subfield>
    <subfield code="c">1936</subfield>
  </datafield>
  <datafield tag="300" ind1=" " ind2=" ">
    <subfield code="a">288 p.</subfield>
  </datafield>
  <datafield tag="955" ind1=" " ind2=" ">
    <subfield code="b">0038644282</subfield>
    <subfield code="d">glx</subfield>
    <subfield code="e">893.7R122 L</subfield>
  </datafield>
</record>
</collection>